%YAML 1.1
%TAG !u! tag:unity3d.com,2011:
--- !u!1 &50212224391209747
GameObject:
  m_ObjectHideFlags: 0
  m_CorrespondingSourceObject: {fileID: 0}
  m_PrefabInstance: {fileID: 0}
  m_PrefabAsset: {fileID: 0}
  serializedVersion: 6
  m_Component:
  - component: {fileID: 50212224391209746}
  m_Layer: 0
  m_Name: GameObject (2)
  m_TagString: Untagged
  m_Icon: {fileID: 0}
  m_NavMeshLayer: 0
  m_StaticEditorFlags: 0
  m_IsActive: 1
--- !u!4 &50212224391209746
Transform:
  m_ObjectHideFlags: 0
  m_CorrespondingSourceObject: {fileID: 0}
  m_PrefabInstance: {fileID: 0}
  m_PrefabAsset: {fileID: 0}
  m_GameObject: {fileID: 50212224391209747}
  m_LocalRotation: {x: 0, y: 0, z: 0, w: 1}
  m_LocalPosition: {x: 0, y: -10.2, z: 20}
  m_LocalScale: {x: 1, y: 1, z: 1}
  m_Children: []
  m_Father: {fileID: 50212225264136352}
  m_RootOrder: 2
  m_LocalEulerAnglesHint: {x: 0, y: 0, z: 0}
--- !u!1 &50212224770724194
GameObject:
  m_ObjectHideFlags: 0
  m_CorrespondingSourceObject: {fileID: 0}
  m_PrefabInstance: {fileID: 0}
  m_PrefabAsset: {fileID: 0}
  serializedVersion: 6
  m_Component:
  - component: {fileID: 50212224770724205}
  m_Layer: 0
  m_Name: GameObject
  m_TagString: Untagged
  m_Icon: {fileID: 0}
  m_NavMeshLayer: 0
  m_StaticEditorFlags: 0
  m_IsActive: 1
--- !u!4 &50212224770724205
Transform:
  m_ObjectHideFlags: 0
  m_CorrespondingSourceObject: {fileID: 0}
  m_PrefabInstance: {fileID: 0}
  m_PrefabAsset: {fileID: 0}
  m_GameObject: {fileID: 50212224770724194}
  m_LocalRotation: {x: 0, y: 0, z: 0, w: 1}
  m_LocalPosition: {x: 0, y: 0, z: 0}
  m_LocalScale: {x: 1, y: 1, z: 1}
  m_Children: []
  m_Father: {fileID: 50212225264136352}
  m_RootOrder: 0
  m_LocalEulerAnglesHint: {x: 0, y: 0, z: 0}
--- !u!1 &50212224928538243
GameObject:
  m_ObjectHideFlags: 0
  m_CorrespondingSourceObject: {fileID: 0}
  m_PrefabInstance: {fileID: 0}
  m_PrefabAsset: {fileID: 0}
  serializedVersion: 6
  m_Component:
  - component: {fileID: 50212224928538242}
  m_Layer: 0
  m_Name: GameObject (1)
  m_TagString: Untagged
  m_Icon: {fileID: 0}
  m_NavMeshLayer: 0
  m_StaticEditorFlags: 0
  m_IsActive: 1
--- !u!4 &50212224928538242
Transform:
  m_ObjectHideFlags: 0
  m_CorrespondingSourceObject: {fileID: 0}
  m_PrefabInstance: {fileID: 0}
  m_PrefabAsset: {fileID: 0}
  m_GameObject: {fileID: 50212224928538243}
  m_LocalRotation: {x: 0, y: 0, z: 0, w: 1}
  m_LocalPosition: {x: 0, y: 0.5, z: 5.05}
  m_LocalScale: {x: 1, y: 1, z: 1}
  m_Children: []
  m_Father: {fileID: 50212225264136352}
  m_RootOrder: 1
  m_LocalEulerAnglesHint: {x: 0, y: 0, z: 0}
--- !u!1 &50212225264136353
GameObject:
  m_ObjectHideFlags: 0
  m_CorrespondingSourceObject: {fileID: 0}
  m_PrefabInstance: {fileID: 0}
  m_PrefabAsset: {fileID: 0}
  serializedVersion: 6
  m_Component:
  - component: {fileID: 50212225264136352}
  m_Layer: 0
  m_Name: Parabola
  m_TagString: Untagged
  m_Icon: {fileID: 0}
  m_NavMeshLayer: 0
  m_StaticEditorFlags: 0
  m_IsActive: 1
--- !u!4 &50212225264136352
Transform:
  m_ObjectHideFlags: 0
  m_CorrespondingSourceObject: {fileID: 0}
  m_PrefabInstance: {fileID: 0}
  m_PrefabAsset: {fileID: 0}
  m_GameObject: {fileID: 50212225264136353}
  m_LocalRotation: {x: 0, y: 0, z: 0, w: 1}
  m_LocalPosition: {x: 0, y: 0, z: 0}
  m_LocalScale: {x: 1, y: 1, z: 1}
  m_Children:
  - {fileID: 50212224770724205}
  - {fileID: 50212224928538242}
  - {fileID: 50212224391209746}
  m_Father: {fileID: 5028505440979861456}
  m_RootOrder: 2
  m_LocalEulerAnglesHint: {x: 0, y: 0, z: 0}
--- !u!82 &4201875543843320009
AudioSource:
  m_ObjectHideFlags: 0
  m_CorrespondingSourceObject: {fileID: 0}
  m_PrefabInstance: {fileID: 0}
  m_PrefabAsset: {fileID: 0}
  m_GameObject: {fileID: 2343124031849167271}
  m_Enabled: 1
  serializedVersion: 4
  OutputAudioMixerGroup: {fileID: 0}
  m_audioClip: {fileID: 8300000, guid: 87ba2b7e410e8da4db87d408942ca83f, type: 3}
  m_PlayOnAwake: 1
  m_Volume: 1
  m_Pitch: 1
  Loop: 0
  Mute: 0
  Spatialize: 0
  SpatializePostEffects: 0
  Priority: 128
  DopplerLevel: 1
  MinDistance: 1
  MaxDistance: 500
  Pan2D: 0
  rolloffMode: 0
  BypassEffects: 0
  BypassListenerEffects: 0
  BypassReverbZones: 0
  rolloffCustomCurve:
    serializedVersion: 2
    m_Curve:
    - serializedVersion: 3
      time: 0
      value: 1
      inSlope: 0
      outSlope: 0
      tangentMode: 0
      weightedMode: 0
      inWeight: 0.33333334
      outWeight: 0.33333334
    - serializedVersion: 3
      time: 1
      value: 0
      inSlope: 0
      outSlope: 0
      tangentMode: 0
      weightedMode: 0
      inWeight: 0.33333334
      outWeight: 0.33333334
    m_PreInfinity: 2
    m_PostInfinity: 2
    m_RotationOrder: 4
  panLevelCustomCurve:
    serializedVersion: 2
    m_Curve:
    - serializedVersion: 3
      time: 0
      value: 0
      inSlope: 0
      outSlope: 0
      tangentMode: 0
      weightedMode: 0
      inWeight: 0.33333334
      outWeight: 0.33333334
    m_PreInfinity: 2
    m_PostInfinity: 2
    m_RotationOrder: 4
  spreadCustomCurve:
    serializedVersion: 2
    m_Curve:
    - serializedVersion: 3
      time: 0
      value: 0
      inSlope: 0
      outSlope: 0
      tangentMode: 0
      weightedMode: 0
      inWeight: 0.33333334
      outWeight: 0.33333334
    m_PreInfinity: 2
    m_PostInfinity: 2
    m_RotationOrder: 4
  reverbZoneMixCustomCurve:
    serializedVersion: 2
    m_Curve:
    - serializedVersion: 3
      time: 0
      value: 1
      inSlope: 0
      outSlope: 0
      tangentMode: 0
      weightedMode: 0
      inWeight: 0.33333334
      outWeight: 0.33333334
    m_PreInfinity: 2
    m_PostInfinity: 2
    m_RotationOrder: 4
--- !u!1 &7762165897432504781
GameObject:
  m_ObjectHideFlags: 0
  m_CorrespondingSourceObject: {fileID: 0}
  m_PrefabInstance: {fileID: 0}
  m_PrefabAsset: {fileID: 0}
  serializedVersion: 6
  m_Component:
  - component: {fileID: 7511820986371608514}
  - component: {fileID: 732526018210490700}
  - component: {fileID: 8496900207828295452}
  m_Layer: 0
  m_Name: rings
  m_TagString: Untagged
  m_Icon: {fileID: 0}
  m_NavMeshLayer: 0
  m_StaticEditorFlags: 0
  m_IsActive: 1
--- !u!4 &7511820986371608514
Transform:
  m_ObjectHideFlags: 0
  m_CorrespondingSourceObject: {fileID: 0}
  m_PrefabInstance: {fileID: 0}
  m_PrefabAsset: {fileID: 0}
  m_GameObject: {fileID: 7762165897432504781}
  m_LocalRotation: {x: 0, y: -0, z: -0, w: 1}
  m_LocalPosition: {x: -0, y: 0, z: 0}
  m_LocalScale: {x: 1, y: 1, z: 1}
  m_Children: []
  m_Father: {fileID: 5028505440979861456}
  m_RootOrder: 0
  m_LocalEulerAnglesHint: {x: 0, y: 0, z: 0}
--- !u!33 &732526018210490700
MeshFilter:
  m_ObjectHideFlags: 0
  m_CorrespondingSourceObject: {fileID: 0}
  m_PrefabInstance: {fileID: 0}
  m_PrefabAsset: {fileID: 0}
  m_GameObject: {fileID: 7762165897432504781}
  m_Mesh: {fileID: -1564061294676117533, guid: 41c7dc03e81c9bb4a97c6ffef6eea46d, type: 3}
--- !u!23 &8496900207828295452
MeshRenderer:
  m_ObjectHideFlags: 0
  m_CorrespondingSourceObject: {fileID: 0}
  m_PrefabInstance: {fileID: 0}
  m_PrefabAsset: {fileID: 0}
  m_GameObject: {fileID: 7762165897432504781}
  m_Enabled: 1
  m_CastShadows: 1
  m_ReceiveShadows: 1
  m_DynamicOccludee: 1
  m_MotionVectors: 1
  m_LightProbeUsage: 1
  m_ReflectionProbeUsage: 1
  m_RayTracingMode: 2
  m_RenderingLayerMask: 1
  m_RendererPriority: 0
  m_Materials:
  - {fileID: 2100000, guid: 7a0460eea221ea84ca0e84987176d91c, type: 2}
  m_StaticBatchInfo:
    firstSubMesh: 0
    subMeshCount: 0
  m_StaticBatchRoot: {fileID: 0}
  m_ProbeAnchor: {fileID: 0}
  m_LightProbeVolumeOverride: {fileID: 0}
  m_ScaleInLightmap: 1
  m_ReceiveGI: 1
  m_PreserveUVs: 0
  m_IgnoreNormalsForChartDetection: 0
  m_ImportantGI: 0
  m_StitchLightmapSeams: 1
  m_SelectedEditorRenderState: 3
  m_MinimumChartSize: 4
  m_AutoUVMaxDistance: 0.5
  m_AutoUVMaxAngle: 89
  m_LightmapParameters: {fileID: 0}
  m_SortingLayerID: 0
  m_SortingLayer: 0
  m_SortingOrder: 0
--- !u!1 &8328157188383034819
GameObject:
  m_ObjectHideFlags: 0
  m_CorrespondingSourceObject: {fileID: 0}
  m_PrefabInstance: {fileID: 0}
  m_PrefabAsset: {fileID: 0}
  serializedVersion: 6
  m_Component:
  - component: {fileID: 5028505440979861456}
  - component: {fileID: 4076832647558858214}
  - component: {fileID: 7759518377025861919}
  - component: {fileID: 50212225971593586}
  - component: {fileID: 50212225971593597}
  - component: {fileID: 50212225971593587}
  - component: {fileID: 4998542370089522018}
  - component: {fileID: 8829835606072645423}
  - component: {fileID: 50212225491268861}
  m_Layer: 9
  m_Name: Barrel2
  m_TagString: Throwable
  m_Icon: {fileID: 0}
  m_NavMeshLayer: 0
  m_StaticEditorFlags: 0
  m_IsActive: 1
--- !u!4 &5028505440979861456
Transform:
  m_ObjectHideFlags: 0
  m_CorrespondingSourceObject: {fileID: 0}
  m_PrefabInstance: {fileID: 0}
  m_PrefabAsset: {fileID: 0}
  m_GameObject: {fileID: 8328157188383034819}
  m_LocalRotation: {x: -0, y: -0, z: -0, w: 1}
  m_LocalPosition: {x: 0, y: 0, z: 0}
  m_LocalScale: {x: 1, y: 1, z: 1}
  m_Children:
  - {fileID: 7511820986371608514}
  - {fileID: 2344468824189920389}
  - {fileID: 50212225264136352}
  - {fileID: 1531017880022670644}
  - {fileID: 5326366941217264228}
  m_Father: {fileID: 0}
  m_RootOrder: 0
  m_LocalEulerAnglesHint: {x: 0, y: 0, z: 0}
--- !u!33 &4076832647558858214
MeshFilter:
  m_ObjectHideFlags: 0
  m_CorrespondingSourceObject: {fileID: 0}
  m_PrefabInstance: {fileID: 0}
  m_PrefabAsset: {fileID: 0}
  m_GameObject: {fileID: 8328157188383034819}
  m_Mesh: {fileID: -2643173543783292932, guid: 246808649619c32488e199a270e21aec, type: 3}
--- !u!23 &7759518377025861919
MeshRenderer:
  m_ObjectHideFlags: 0
  m_CorrespondingSourceObject: {fileID: 0}
  m_PrefabInstance: {fileID: 0}
  m_PrefabAsset: {fileID: 0}
  m_GameObject: {fileID: 8328157188383034819}
  m_Enabled: 1
  m_CastShadows: 1
  m_ReceiveShadows: 1
  m_DynamicOccludee: 1
  m_MotionVectors: 1
  m_LightProbeUsage: 1
  m_ReflectionProbeUsage: 1
  m_RayTracingMode: 2
  m_RenderingLayerMask: 1
  m_RendererPriority: 0
  m_Materials:
  - {fileID: 2100000, guid: a89ddbb7fbef49d40a5cf68a25dd28aa, type: 2}
  - {fileID: 2100000, guid: 1df54e9199296534581b54045d334a78, type: 2}
  m_StaticBatchInfo:
    firstSubMesh: 0
    subMeshCount: 0
  m_StaticBatchRoot: {fileID: 0}
  m_ProbeAnchor: {fileID: 0}
  m_LightProbeVolumeOverride: {fileID: 0}
  m_ScaleInLightmap: 1
  m_ReceiveGI: 1
  m_PreserveUVs: 0
  m_IgnoreNormalsForChartDetection: 0
  m_ImportantGI: 0
  m_StitchLightmapSeams: 1
  m_SelectedEditorRenderState: 3
  m_MinimumChartSize: 4
  m_AutoUVMaxDistance: 0.5
  m_AutoUVMaxAngle: 89
  m_LightmapParameters: {fileID: 0}
  m_SortingLayerID: 0
  m_SortingLayer: 0
  m_SortingOrder: 0
--- !u!54 &50212225971593586
Rigidbody:
  m_ObjectHideFlags: 0
  m_CorrespondingSourceObject: {fileID: 0}
  m_PrefabInstance: {fileID: 0}
  m_PrefabAsset: {fileID: 0}
  m_GameObject: {fileID: 8328157188383034819}
  serializedVersion: 2
  m_Mass: 1
  m_Drag: 0
  m_AngularDrag: 0.05
  m_UseGravity: 1
  m_IsKinematic: 0
  m_Interpolate: 0
  m_Constraints: 126
  m_CollisionDetection: 3
--- !u!65 &50212225971593597
BoxCollider:
  m_ObjectHideFlags: 0
  m_CorrespondingSourceObject: {fileID: 0}
  m_PrefabInstance: {fileID: 0}
  m_PrefabAsset: {fileID: 0}
  m_GameObject: {fileID: 8328157188383034819}
  m_Material: {fileID: 0}
  m_IsTrigger: 1
  m_Enabled: 1
  serializedVersion: 2
  m_Size: {x: 0.9646531, y: 1.003238, z: 0.9646531}
  m_Center: {x: 0, y: 0.50369215, z: 0}
--- !u!114 &50212225971593587
MonoBehaviour:
  m_ObjectHideFlags: 0
  m_CorrespondingSourceObject: {fileID: 0}
  m_PrefabInstance: {fileID: 0}
  m_PrefabAsset: {fileID: 0}
  m_GameObject: {fileID: 8328157188383034819}
  m_Enabled: 1
  m_EditorHideFlags: 0
  m_Script: {fileID: 11500000, guid: df02f72228976be4980bdfecbcd7f0a6, type: 3}
  m_Name: 
  m_EditorClassIdentifier: 
  currentHitObject: {fileID: 0}
  pickUpPlayer: {fileID: 0}
  itemType: 0
  itemState: 0
  isColliding: 0
  boxHitsPlayer: 0
  boxHitsGround: 0
  sphereRadius: 1
  layerMask:
    serializedVersion: 2
    m_Bits: 1792
  groundLayer:
    serializedVersion: 2
    m_Bits: 256
  damage: 3
  spinSpeed: -10
  spinAmount: {x: 36, y: 0, z: 0}
  itemHeight: 0.8
  trailsPrefab: {fileID: 5933382061902320658}
  redtrailsPrefab: {fileID: 1045910065304476482}
--- !u!114 &4998542370089522018
MonoBehaviour:
  m_ObjectHideFlags: 0
  m_CorrespondingSourceObject: {fileID: 0}
  m_PrefabInstance: {fileID: 0}
  m_PrefabAsset: {fileID: 0}
  m_GameObject: {fileID: 8328157188383034819}
  m_Enabled: 0
  m_EditorHideFlags: 0
  m_Script: {fileID: 11500000, guid: 7c18fd73b2d28b943960627c665366a1, type: 3}
  m_Name: 
  m_EditorClassIdentifier: 
--- !u!64 &8829835606072645423
MeshCollider:
  m_ObjectHideFlags: 0
  m_CorrespondingSourceObject: {fileID: 0}
  m_PrefabInstance: {fileID: 0}
  m_PrefabAsset: {fileID: 0}
  m_GameObject: {fileID: 8328157188383034819}
  m_Material: {fileID: 0}
  m_IsTrigger: 0
  m_Enabled: 1
  serializedVersion: 3
  m_Convex: 1
  m_CookingOptions: 30
  m_Mesh: {fileID: -2643173543783292932, guid: 246808649619c32488e199a270e21aec, type: 3}
--- !u!114 &50212225491268861
MonoBehaviour:
  m_ObjectHideFlags: 0
  m_CorrespondingSourceObject: {fileID: 0}
  m_PrefabInstance: {fileID: 0}
  m_PrefabAsset: {fileID: 0}
  m_GameObject: {fileID: 8328157188383034819}
  m_Enabled: 1
  m_EditorHideFlags: 0
  m_Script: {fileID: 11500000, guid: a9ac153eab6e98347a1cfceb3ea9e2a8, type: 3}
  m_Name: 
  m_EditorClassIdentifier: 
  Speed: 25
  ParabolaRoot: {fileID: 50212225264136353}
  Autostart: 0
  Animation: 0
  GizmosOn: 0
--- !u!1001 &768276378018086987
PrefabInstance:
  m_ObjectHideFlags: 0
  serializedVersion: 2
  m_Modification:
    m_TransformParent: {fileID: 5028505440979861456}
    m_Modifications:
    - target: {fileID: 300235815511726857, guid: 1ebc7933c5330e748a10e19cdff32c0c,
        type: 3}
      propertyPath: m_Name
      value: redtrails
      objectReference: {fileID: 0}
    - target: {fileID: 300235815511726857, guid: 1ebc7933c5330e748a10e19cdff32c0c,
        type: 3}
      propertyPath: m_IsActive
      value: 0
      objectReference: {fileID: 0}
    - target: {fileID: 4846570052590506543, guid: 1ebc7933c5330e748a10e19cdff32c0c,
        type: 3}
      propertyPath: m_LocalPosition.x
      value: 0
      objectReference: {fileID: 0}
    - target: {fileID: 4846570052590506543, guid: 1ebc7933c5330e748a10e19cdff32c0c,
        type: 3}
      propertyPath: m_LocalPosition.y
      value: 0.5
      objectReference: {fileID: 0}
    - target: {fileID: 4846570052590506543, guid: 1ebc7933c5330e748a10e19cdff32c0c,
        type: 3}
      propertyPath: m_LocalPosition.z
      value: -0.01
      objectReference: {fileID: 0}
    - target: {fileID: 4846570052590506543, guid: 1ebc7933c5330e748a10e19cdff32c0c,
        type: 3}
      propertyPath: m_LocalRotation.x
      value: 0
      objectReference: {fileID: 0}
    - target: {fileID: 4846570052590506543, guid: 1ebc7933c5330e748a10e19cdff32c0c,
        type: 3}
      propertyPath: m_LocalRotation.y
      value: 0
      objectReference: {fileID: 0}
    - target: {fileID: 4846570052590506543, guid: 1ebc7933c5330e748a10e19cdff32c0c,
        type: 3}
      propertyPath: m_LocalRotation.z
      value: 0.7071068
      objectReference: {fileID: 0}
    - target: {fileID: 4846570052590506543, guid: 1ebc7933c5330e748a10e19cdff32c0c,
        type: 3}
      propertyPath: m_LocalRotation.w
      value: 0.7071068
      objectReference: {fileID: 0}
    - target: {fileID: 4846570052590506543, guid: 1ebc7933c5330e748a10e19cdff32c0c,
        type: 3}
      propertyPath: m_RootOrder
      value: 4
      objectReference: {fileID: 0}
    - target: {fileID: 4846570052590506543, guid: 1ebc7933c5330e748a10e19cdff32c0c,
        type: 3}
      propertyPath: m_LocalEulerAnglesHint.x
      value: 0
      objectReference: {fileID: 0}
    - target: {fileID: 4846570052590506543, guid: 1ebc7933c5330e748a10e19cdff32c0c,
        type: 3}
      propertyPath: m_LocalEulerAnglesHint.y
      value: 0
      objectReference: {fileID: 0}
    - target: {fileID: 4846570052590506543, guid: 1ebc7933c5330e748a10e19cdff32c0c,
        type: 3}
      propertyPath: m_LocalEulerAnglesHint.z
      value: 90
      objectReference: {fileID: 0}
    m_RemovedComponents: []
  m_SourcePrefab: {fileID: 100100000, guid: 1ebc7933c5330e748a10e19cdff32c0c, type: 3}
--- !u!1 &1045910065304476482 stripped
GameObject:
  m_CorrespondingSourceObject: {fileID: 300235815511726857, guid: 1ebc7933c5330e748a10e19cdff32c0c,
    type: 3}
  m_PrefabInstance: {fileID: 768276378018086987}
  m_PrefabAsset: {fileID: 0}
--- !u!4 &5326366941217264228 stripped
Transform:
  m_CorrespondingSourceObject: {fileID: 4846570052590506543, guid: 1ebc7933c5330e748a10e19cdff32c0c,
    type: 3}
  m_PrefabInstance: {fileID: 768276378018086987}
  m_PrefabAsset: {fileID: 0}
--- !u!1001 &4736925521557290037
PrefabInstance:
  m_ObjectHideFlags: 0
  serializedVersion: 2
  m_Modification:
    m_TransformParent: {fileID: 5028505440979861456}
    m_Modifications:
    - target: {fileID: 7004726154891761840, guid: c8ecd6fe10b317f4f9615d06bbd6aff5,
        type: 3}
      propertyPath: m_LocalPosition.x
      value: 0
      objectReference: {fileID: 0}
    - target: {fileID: 7004726154891761840, guid: c8ecd6fe10b317f4f9615d06bbd6aff5,
        type: 3}
      propertyPath: m_LocalPosition.y
      value: 0
      objectReference: {fileID: 0}
    - target: {fileID: 7004726154891761840, guid: c8ecd6fe10b317f4f9615d06bbd6aff5,
        type: 3}
      propertyPath: m_LocalPosition.z
      value: 0
      objectReference: {fileID: 0}
    - target: {fileID: 7004726154891761840, guid: c8ecd6fe10b317f4f9615d06bbd6aff5,
        type: 3}
      propertyPath: m_LocalRotation.x
      value: 0
      objectReference: {fileID: 0}
    - target: {fileID: 7004726154891761840, guid: c8ecd6fe10b317f4f9615d06bbd6aff5,
        type: 3}
      propertyPath: m_LocalRotation.y
      value: 0
      objectReference: {fileID: 0}
    - target: {fileID: 7004726154891761840, guid: c8ecd6fe10b317f4f9615d06bbd6aff5,
        type: 3}
      propertyPath: m_LocalRotation.z
      value: 0
      objectReference: {fileID: 0}
    - target: {fileID: 7004726154891761840, guid: c8ecd6fe10b317f4f9615d06bbd6aff5,
        type: 3}
      propertyPath: m_LocalRotation.w
      value: 1
      objectReference: {fileID: 0}
    - target: {fileID: 7004726154891761840, guid: c8ecd6fe10b317f4f9615d06bbd6aff5,
        type: 3}
      propertyPath: m_RootOrder
      value: 1
      objectReference: {fileID: 0}
    - target: {fileID: 7004726154891761840, guid: c8ecd6fe10b317f4f9615d06bbd6aff5,
        type: 3}
      propertyPath: m_LocalEulerAnglesHint.x
      value: 0
      objectReference: {fileID: 0}
    - target: {fileID: 7004726154891761840, guid: c8ecd6fe10b317f4f9615d06bbd6aff5,
        type: 3}
      propertyPath: m_LocalEulerAnglesHint.y
      value: 0
      objectReference: {fileID: 0}
    - target: {fileID: 7004726154891761840, guid: c8ecd6fe10b317f4f9615d06bbd6aff5,
        type: 3}
      propertyPath: m_LocalEulerAnglesHint.z
      value: 0
      objectReference: {fileID: 0}
    - target: {fileID: 7004726154891761840, guid: c8ecd6fe10b317f4f9615d06bbd6aff5,
        type: 3}
      propertyPath: m_LocalScale.x
      value: 1
      objectReference: {fileID: 0}
    - target: {fileID: 7004726154891761840, guid: c8ecd6fe10b317f4f9615d06bbd6aff5,
        type: 3}
      propertyPath: m_LocalScale.y
      value: 1
      objectReference: {fileID: 0}
    - target: {fileID: 7004726154891761840, guid: c8ecd6fe10b317f4f9615d06bbd6aff5,
        type: 3}
      propertyPath: m_LocalScale.z
      value: 1
      objectReference: {fileID: 0}
    - target: {fileID: 7005492493519914386, guid: c8ecd6fe10b317f4f9615d06bbd6aff5,
        type: 3}
      propertyPath: m_Name
      value: HitEffect_wood
      objectReference: {fileID: 0}
    - target: {fileID: 7005492493519914386, guid: c8ecd6fe10b317f4f9615d06bbd6aff5,
        type: 3}
      propertyPath: m_IsActive
      value: 0
      objectReference: {fileID: 0}
    - target: {fileID: 7007168750935098144, guid: c8ecd6fe10b317f4f9615d06bbd6aff5,
        type: 3}
      propertyPath: m_IsActive
      value: 0
      objectReference: {fileID: 0}
    - target: {fileID: 7203946433644529836, guid: c8ecd6fe10b317f4f9615d06bbd6aff5,
        type: 3}
      propertyPath: looping
      value: 0
      objectReference: {fileID: 0}
    - target: {fileID: 7203946433644529836, guid: c8ecd6fe10b317f4f9615d06bbd6aff5,
        type: 3}
      propertyPath: playOnAwake
      value: 0
      objectReference: {fileID: 0}
    - target: {fileID: 7204385365532519588, guid: c8ecd6fe10b317f4f9615d06bbd6aff5,
        type: 3}
      propertyPath: looping
      value: 0
      objectReference: {fileID: 0}
    - target: {fileID: 7204385365532519588, guid: c8ecd6fe10b317f4f9615d06bbd6aff5,
        type: 3}
      propertyPath: prewarm
      value: 0
      objectReference: {fileID: 0}
    - target: {fileID: 7204385365532519588, guid: c8ecd6fe10b317f4f9615d06bbd6aff5,
        type: 3}
      propertyPath: playOnAwake
      value: 0
      objectReference: {fileID: 0}
    m_RemovedComponents: []
  m_SourcePrefab: {fileID: 100100000, guid: c8ecd6fe10b317f4f9615d06bbd6aff5, type: 3}
--- !u!1 &2343124031849167271 stripped
GameObject:
  m_CorrespondingSourceObject: {fileID: 7005492493519914386, guid: c8ecd6fe10b317f4f9615d06bbd6aff5,
    type: 3}
  m_PrefabInstance: {fileID: 4736925521557290037}
  m_PrefabAsset: {fileID: 0}
--- !u!4 &2344468824189920389 stripped
Transform:
  m_CorrespondingSourceObject: {fileID: 7004726154891761840, guid: c8ecd6fe10b317f4f9615d06bbd6aff5,
    type: 3}
  m_PrefabInstance: {fileID: 4736925521557290037}
  m_PrefabAsset: {fileID: 0}
--- !u!1001 &6232205004828167963
PrefabInstance:
  m_ObjectHideFlags: 0
  serializedVersion: 2
  m_Modification:
    m_TransformParent: {fileID: 5028505440979861456}
    m_Modifications:
    - target: {fileID: 300235815511726857, guid: 7807806b356384646a847e27d218ea4b,
        type: 3}
      propertyPath: m_Name
      value: trails
      objectReference: {fileID: 0}
    - target: {fileID: 300235815511726857, guid: 7807806b356384646a847e27d218ea4b,
        type: 3}
      propertyPath: m_IsActive
      value: 0
      objectReference: {fileID: 0}
    - target: {fileID: 4846570052590506543, guid: 7807806b356384646a847e27d218ea4b,
        type: 3}
      propertyPath: m_LocalPosition.x
      value: 0
      objectReference: {fileID: 0}
    - target: {fileID: 4846570052590506543, guid: 7807806b356384646a847e27d218ea4b,
        type: 3}
      propertyPath: m_LocalPosition.y
      value: 0.5
      objectReference: {fileID: 0}
    - target: {fileID: 4846570052590506543, guid: 7807806b356384646a847e27d218ea4b,
        type: 3}
      propertyPath: m_LocalPosition.z
      value: -0.01
      objectReference: {fileID: 0}
    - target: {fileID: 4846570052590506543, guid: 7807806b356384646a847e27d218ea4b,
        type: 3}
      propertyPath: m_LocalRotation.x
      value: 0
      objectReference: {fileID: 0}
    - target: {fileID: 4846570052590506543, guid: 7807806b356384646a847e27d218ea4b,
        type: 3}
      propertyPath: m_LocalRotation.y
      value: 0
      objectReference: {fileID: 0}
    - target: {fileID: 4846570052590506543, guid: 7807806b356384646a847e27d218ea4b,
        type: 3}
      propertyPath: m_LocalRotation.z
      value: 0.7071068
      objectReference: {fileID: 0}
    - target: {fileID: 4846570052590506543, guid: 7807806b356384646a847e27d218ea4b,
        type: 3}
      propertyPath: m_LocalRotation.w
      value: 0.7071068
      objectReference: {fileID: 0}
    - target: {fileID: 4846570052590506543, guid: 7807806b356384646a847e27d218ea4b,
        type: 3}
      propertyPath: m_RootOrder
      value: 3
      objectReference: {fileID: 0}
    - target: {fileID: 4846570052590506543, guid: 7807806b356384646a847e27d218ea4b,
        type: 3}
      propertyPath: m_LocalEulerAnglesHint.x
      value: 0
      objectReference: {fileID: 0}
    - target: {fileID: 4846570052590506543, guid: 7807806b356384646a847e27d218ea4b,
        type: 3}
      propertyPath: m_LocalEulerAnglesHint.y
      value: 0
      objectReference: {fileID: 0}
    - target: {fileID: 4846570052590506543, guid: 7807806b356384646a847e27d218ea4b,
        type: 3}
      propertyPath: m_LocalEulerAnglesHint.z
      value: 90
      objectReference: {fileID: 0}
    m_RemovedComponents: []
  m_SourcePrefab: {fileID: 100100000, guid: 7807806b356384646a847e27d218ea4b, type: 3}
--- !u!1 &5933382061902320658 stripped
GameObject:
  m_CorrespondingSourceObject: {fileID: 300235815511726857, guid: 7807806b356384646a847e27d218ea4b,
    type: 3}
  m_PrefabInstance: {fileID: 6232205004828167963}
  m_PrefabAsset: {fileID: 0}
--- !u!4 &1531017880022670644 stripped
Transform:
  m_CorrespondingSourceObject: {fileID: 4846570052590506543, guid: 7807806b356384646a847e27d218ea4b,
    type: 3}
  m_PrefabInstance: {fileID: 6232205004828167963}
  m_PrefabAsset: {fileID: 0}
