%YAML 1.1
%TAG !u! tag:unity3d.com,2011:
--- !u!1 &3864998397526797807
GameObject:
  m_ObjectHideFlags: 0
  m_CorrespondingSourceObject: {fileID: 0}
  m_PrefabInstance: {fileID: 0}
  m_PrefabAsset: {fileID: 0}
  serializedVersion: 6
  m_Component:
  - component: {fileID: 3864998397526797804}
  m_Layer: 0
  m_Name: Braziers
  m_TagString: Untagged
  m_Icon: {fileID: 0}
  m_NavMeshLayer: 0
  m_StaticEditorFlags: 0
  m_IsActive: 1
--- !u!4 &3864998397526797804
Transform:
  m_ObjectHideFlags: 0
  m_CorrespondingSourceObject: {fileID: 0}
  m_PrefabInstance: {fileID: 0}
  m_PrefabAsset: {fileID: 0}
  m_GameObject: {fileID: 3864998397526797807}
  m_LocalRotation: {x: -0, y: -0, z: -0, w: 1}
  m_LocalPosition: {x: 10.56, y: 2.9744825, z: -4.7498074}
  m_LocalScale: {x: 1, y: 1, z: 1}
  m_Children:
  - {fileID: 7466432780114235095}
  - {fileID: 7466432779544937300}
  - {fileID: 7466432779495156649}
  - {fileID: 7466432778043217121}
  m_Father: {fileID: 0}
  m_RootOrder: 0
  m_LocalEulerAnglesHint: {x: 0, y: 0, z: 0}
--- !u!1001 &3864998397367095998
PrefabInstance:
  m_ObjectHideFlags: 0
  serializedVersion: 2
  m_Modification:
    m_TransformParent: {fileID: 3864998397526797804}
    m_Modifications:
    - target: {fileID: 344704545194957870, guid: feb53563a25cfa944a0fc315b800dc9a,
        type: 3}
      propertyPath: m_LocalPosition.x
      value: 0
      objectReference: {fileID: 0}
    - target: {fileID: 344704545194957870, guid: feb53563a25cfa944a0fc315b800dc9a,
        type: 3}
      propertyPath: m_LocalPosition.z
      value: 0
      objectReference: {fileID: 0}
    - target: {fileID: 3335888190001232039, guid: feb53563a25cfa944a0fc315b800dc9a,
        type: 3}
      propertyPath: m_Size.y
      value: 3
      objectReference: {fileID: 0}
    - target: {fileID: 3335888190001232039, guid: feb53563a25cfa944a0fc315b800dc9a,
        type: 3}
      propertyPath: m_Center.y
      value: 1.5
      objectReference: {fileID: 0}
    - target: {fileID: 5925930744182447209, guid: feb53563a25cfa944a0fc315b800dc9a,
        type: 3}
      propertyPath: m_LocalPosition.x
      value: -1.31
      objectReference: {fileID: 0}
    - target: {fileID: 5925930744182447209, guid: feb53563a25cfa944a0fc315b800dc9a,
        type: 3}
      propertyPath: m_LocalPosition.y
      value: -2.5
      objectReference: {fileID: 0}
    - target: {fileID: 5925930744182447209, guid: feb53563a25cfa944a0fc315b800dc9a,
        type: 3}
      propertyPath: m_LocalPosition.z
      value: -5.31
      objectReference: {fileID: 0}
    - target: {fileID: 5925930744182447209, guid: feb53563a25cfa944a0fc315b800dc9a,
        type: 3}
      propertyPath: m_LocalRotation.x
      value: -0
      objectReference: {fileID: 0}
    - target: {fileID: 5925930744182447209, guid: feb53563a25cfa944a0fc315b800dc9a,
        type: 3}
      propertyPath: m_LocalRotation.y
      value: -0
      objectReference: {fileID: 0}
    - target: {fileID: 5925930744182447209, guid: feb53563a25cfa944a0fc315b800dc9a,
        type: 3}
      propertyPath: m_LocalRotation.z
      value: -0
      objectReference: {fileID: 0}
    - target: {fileID: 5925930744182447209, guid: feb53563a25cfa944a0fc315b800dc9a,
        type: 3}
      propertyPath: m_LocalRotation.w
      value: 1
      objectReference: {fileID: 0}
    - target: {fileID: 5925930744182447209, guid: feb53563a25cfa944a0fc315b800dc9a,
        type: 3}
      propertyPath: m_RootOrder
      value: 0
      objectReference: {fileID: 0}
    - target: {fileID: 5925930744182447209, guid: feb53563a25cfa944a0fc315b800dc9a,
        type: 3}
      propertyPath: m_LocalEulerAnglesHint.x
      value: 0
      objectReference: {fileID: 0}
    - target: {fileID: 5925930744182447209, guid: feb53563a25cfa944a0fc315b800dc9a,
        type: 3}
      propertyPath: m_LocalEulerAnglesHint.y
      value: 0
      objectReference: {fileID: 0}
    - target: {fileID: 5925930744182447209, guid: feb53563a25cfa944a0fc315b800dc9a,
        type: 3}
      propertyPath: m_LocalEulerAnglesHint.z
      value: 0
      objectReference: {fileID: 0}
    - target: {fileID: 7234605389933276794, guid: feb53563a25cfa944a0fc315b800dc9a,
        type: 3}
      propertyPath: m_Name
      value: brazier (1)
      objectReference: {fileID: 0}
    m_RemovedComponents: []
  m_SourcePrefab: {fileID: 100100000, guid: feb53563a25cfa944a0fc315b800dc9a, type: 3}
--- !u!4 &7466432780114235095 stripped
Transform:
  m_CorrespondingSourceObject: {fileID: 5925930744182447209, guid: feb53563a25cfa944a0fc315b800dc9a,
    type: 3}
  m_PrefabInstance: {fileID: 3864998397367095998}
  m_PrefabAsset: {fileID: 0}
--- !u!1001 &3864998397889722304
PrefabInstance:
  m_ObjectHideFlags: 0
  serializedVersion: 2
  m_Modification:
    m_TransformParent: {fileID: 3864998397526797804}
    m_Modifications:
    - target: {fileID: 344704545194957870, guid: feb53563a25cfa944a0fc315b800dc9a,
        type: 3}
      propertyPath: m_LocalPosition.x
      value: -0
      objectReference: {fileID: 0}
    - target: {fileID: 344704545194957870, guid: feb53563a25cfa944a0fc315b800dc9a,
        type: 3}
      propertyPath: m_LocalPosition.z
      value: 0
      objectReference: {fileID: 0}
    - target: {fileID: 3335888190001232039, guid: feb53563a25cfa944a0fc315b800dc9a,
        type: 3}
      propertyPath: m_Center.y
      value: 1.5
      objectReference: {fileID: 0}
    - target: {fileID: 3335888190001232039, guid: feb53563a25cfa944a0fc315b800dc9a,
        type: 3}
      propertyPath: m_Size.y
      value: 3
      objectReference: {fileID: 0}
    - target: {fileID: 5925930744182447209, guid: feb53563a25cfa944a0fc315b800dc9a,
        type: 3}
      propertyPath: m_LocalPosition.x
      value: -21.11
      objectReference: {fileID: 0}
    - target: {fileID: 5925930744182447209, guid: feb53563a25cfa944a0fc315b800dc9a,
        type: 3}
      propertyPath: m_LocalPosition.y
      value: -2.5
      objectReference: {fileID: 0}
    - target: {fileID: 5925930744182447209, guid: feb53563a25cfa944a0fc315b800dc9a,
        type: 3}
      propertyPath: m_LocalPosition.z
      value: 14.48
      objectReference: {fileID: 0}
    - target: {fileID: 5925930744182447209, guid: feb53563a25cfa944a0fc315b800dc9a,
        type: 3}
      propertyPath: m_LocalRotation.x
      value: -0
      objectReference: {fileID: 0}
    - target: {fileID: 5925930744182447209, guid: feb53563a25cfa944a0fc315b800dc9a,
        type: 3}
      propertyPath: m_LocalRotation.y
      value: -0
      objectReference: {fileID: 0}
    - target: {fileID: 5925930744182447209, guid: feb53563a25cfa944a0fc315b800dc9a,
        type: 3}
      propertyPath: m_LocalRotation.z
      value: -0
      objectReference: {fileID: 0}
    - target: {fileID: 5925930744182447209, guid: feb53563a25cfa944a0fc315b800dc9a,
        type: 3}
      propertyPath: m_LocalRotation.w
      value: 1
      objectReference: {fileID: 0}
    - target: {fileID: 5925930744182447209, guid: feb53563a25cfa944a0fc315b800dc9a,
        type: 3}
      propertyPath: m_RootOrder
      value: 2
      objectReference: {fileID: 0}
    - target: {fileID: 5925930744182447209, guid: feb53563a25cfa944a0fc315b800dc9a,
        type: 3}
      propertyPath: m_LocalEulerAnglesHint.x
      value: 0
      objectReference: {fileID: 0}
    - target: {fileID: 5925930744182447209, guid: feb53563a25cfa944a0fc315b800dc9a,
        type: 3}
      propertyPath: m_LocalEulerAnglesHint.y
      value: 0
      objectReference: {fileID: 0}
    - target: {fileID: 5925930744182447209, guid: feb53563a25cfa944a0fc315b800dc9a,
        type: 3}
      propertyPath: m_LocalEulerAnglesHint.z
      value: 0
      objectReference: {fileID: 0}
    - target: {fileID: 7234605389933276794, guid: feb53563a25cfa944a0fc315b800dc9a,
        type: 3}
      propertyPath: m_Name
      value: brazier (3)
      objectReference: {fileID: 0}
    m_RemovedComponents: []
  m_SourcePrefab: {fileID: 100100000, guid: feb53563a25cfa944a0fc315b800dc9a, type: 3}
--- !u!4 &7466432779495156649 stripped
Transform:
  m_CorrespondingSourceObject: {fileID: 5925930744182447209, guid: feb53563a25cfa944a0fc315b800dc9a,
    type: 3}
  m_PrefabInstance: {fileID: 3864998397889722304}
  m_PrefabAsset: {fileID: 0}
--- !u!1001 &3864998397938523965
PrefabInstance:
  m_ObjectHideFlags: 0
  serializedVersion: 2
  m_Modification:
    m_TransformParent: {fileID: 3864998397526797804}
    m_Modifications:
    - target: {fileID: 344704545194957870, guid: feb53563a25cfa944a0fc315b800dc9a,
        type: 3}
      propertyPath: m_LocalPosition.x
      value: 0
      objectReference: {fileID: 0}
    - target: {fileID: 344704545194957870, guid: feb53563a25cfa944a0fc315b800dc9a,
        type: 3}
      propertyPath: m_LocalPosition.z
      value: 0
      objectReference: {fileID: 0}
    - target: {fileID: 3335888190001232039, guid: feb53563a25cfa944a0fc315b800dc9a,
        type: 3}
      propertyPath: m_Center.y
      value: 1.5
      objectReference: {fileID: 0}
    - target: {fileID: 3335888190001232039, guid: feb53563a25cfa944a0fc315b800dc9a,
        type: 3}
      propertyPath: m_Size.y
      value: 3
      objectReference: {fileID: 0}
    - target: {fileID: 5925930744182447209, guid: feb53563a25cfa944a0fc315b800dc9a,
        type: 3}
      propertyPath: m_LocalPosition.x
      value: -1.31
      objectReference: {fileID: 0}
    - target: {fileID: 5925930744182447209, guid: feb53563a25cfa944a0fc315b800dc9a,
        type: 3}
      propertyPath: m_LocalPosition.y
      value: -2.5
      objectReference: {fileID: 0}
    - target: {fileID: 5925930744182447209, guid: feb53563a25cfa944a0fc315b800dc9a,
        type: 3}
      propertyPath: m_LocalPosition.z
      value: 14.45
      objectReference: {fileID: 0}
    - target: {fileID: 5925930744182447209, guid: feb53563a25cfa944a0fc315b800dc9a,
        type: 3}
      propertyPath: m_LocalRotation.x
      value: -0
      objectReference: {fileID: 0}
    - target: {fileID: 5925930744182447209, guid: feb53563a25cfa944a0fc315b800dc9a,
        type: 3}
      propertyPath: m_LocalRotation.y
      value: -0
      objectReference: {fileID: 0}
    - target: {fileID: 5925930744182447209, guid: feb53563a25cfa944a0fc315b800dc9a,
        type: 3}
      propertyPath: m_LocalRotation.z
      value: -0
      objectReference: {fileID: 0}
    - target: {fileID: 5925930744182447209, guid: feb53563a25cfa944a0fc315b800dc9a,
        type: 3}
      propertyPath: m_LocalRotation.w
      value: 1
      objectReference: {fileID: 0}
    - target: {fileID: 5925930744182447209, guid: feb53563a25cfa944a0fc315b800dc9a,
        type: 3}
      propertyPath: m_RootOrder
      value: 1
      objectReference: {fileID: 0}
    - target: {fileID: 5925930744182447209, guid: feb53563a25cfa944a0fc315b800dc9a,
        type: 3}
      propertyPath: m_LocalEulerAnglesHint.x
      value: 0
      objectReference: {fileID: 0}
    - target: {fileID: 5925930744182447209, guid: feb53563a25cfa944a0fc315b800dc9a,
        type: 3}
      propertyPath: m_LocalEulerAnglesHint.y
      value: 0
      objectReference: {fileID: 0}
    - target: {fileID: 5925930744182447209, guid: feb53563a25cfa944a0fc315b800dc9a,
        type: 3}
      propertyPath: m_LocalEulerAnglesHint.z
      value: 0
      objectReference: {fileID: 0}
    - target: {fileID: 7234605389933276794, guid: feb53563a25cfa944a0fc315b800dc9a,
        type: 3}
      propertyPath: m_Name
      value: brazier (2)
      objectReference: {fileID: 0}
    m_RemovedComponents: []
  m_SourcePrefab: {fileID: 100100000, guid: feb53563a25cfa944a0fc315b800dc9a, type: 3}
--- !u!4 &7466432779544937300 stripped
Transform:
  m_CorrespondingSourceObject: {fileID: 5925930744182447209, guid: feb53563a25cfa944a0fc315b800dc9a,
    type: 3}
  m_PrefabInstance: {fileID: 3864998397938523965}
  m_PrefabAsset: {fileID: 0}
--- !u!1001 &3864998398769154184
PrefabInstance:
  m_ObjectHideFlags: 0
  serializedVersion: 2
  m_Modification:
    m_TransformParent: {fileID: 3864998397526797804}
    m_Modifications:
    - target: {fileID: 344704545194957870, guid: feb53563a25cfa944a0fc315b800dc9a,
        type: 3}
      propertyPath: m_LocalPosition.x
      value: 0
      objectReference: {fileID: 0}
    - target: {fileID: 344704545194957870, guid: feb53563a25cfa944a0fc315b800dc9a,
        type: 3}
      propertyPath: m_LocalPosition.z
      value: 0
      objectReference: {fileID: 0}
    - target: {fileID: 3335888190001232039, guid: feb53563a25cfa944a0fc315b800dc9a,
        type: 3}
      propertyPath: m_Center.y
      value: 1.5
      objectReference: {fileID: 0}
    - target: {fileID: 3335888190001232039, guid: feb53563a25cfa944a0fc315b800dc9a,
        type: 3}
      propertyPath: m_Size.y
      value: 3
      objectReference: {fileID: 0}
    - target: {fileID: 5925930744182447209, guid: feb53563a25cfa944a0fc315b800dc9a,
        type: 3}
      propertyPath: m_LocalPosition.x
      value: -21.11
      objectReference: {fileID: 0}
    - target: {fileID: 5925930744182447209, guid: feb53563a25cfa944a0fc315b800dc9a,
        type: 3}
      propertyPath: m_LocalPosition.y
      value: -2.5
      objectReference: {fileID: 0}
    - target: {fileID: 5925930744182447209, guid: feb53563a25cfa944a0fc315b800dc9a,
        type: 3}
      propertyPath: m_LocalPosition.z
      value: -5.3
      objectReference: {fileID: 0}
    - target: {fileID: 5925930744182447209, guid: feb53563a25cfa944a0fc315b800dc9a,
        type: 3}
      propertyPath: m_LocalRotation.x
      value: -0
      objectReference: {fileID: 0}
    - target: {fileID: 5925930744182447209, guid: feb53563a25cfa944a0fc315b800dc9a,
        type: 3}
      propertyPath: m_LocalRotation.y
      value: -0
      objectReference: {fileID: 0}
    - target: {fileID: 5925930744182447209, guid: feb53563a25cfa944a0fc315b800dc9a,
        type: 3}
      propertyPath: m_LocalRotation.z
      value: -0
      objectReference: {fileID: 0}
    - target: {fileID: 5925930744182447209, guid: feb53563a25cfa944a0fc315b800dc9a,
        type: 3}
      propertyPath: m_LocalRotation.w
      value: 1
      objectReference: {fileID: 0}
    - target: {fileID: 5925930744182447209, guid: feb53563a25cfa944a0fc315b800dc9a,
        type: 3}
      propertyPath: m_RootOrder
      value: 3
      objectReference: {fileID: 0}
    - target: {fileID: 5925930744182447209, guid: feb53563a25cfa944a0fc315b800dc9a,
        type: 3}
      propertyPath: m_LocalEulerAnglesHint.x
      value: 0
      objectReference: {fileID: 0}
    - target: {fileID: 5925930744182447209, guid: feb53563a25cfa944a0fc315b800dc9a,
        type: 3}
      propertyPath: m_LocalEulerAnglesHint.y
      value: 0
      objectReference: {fileID: 0}
    - target: {fileID: 5925930744182447209, guid: feb53563a25cfa944a0fc315b800dc9a,
        type: 3}
      propertyPath: m_LocalEulerAnglesHint.z
      value: 0
      objectReference: {fileID: 0}
    - target: {fileID: 7234605389933276794, guid: feb53563a25cfa944a0fc315b800dc9a,
        type: 3}
      propertyPath: m_Name
      value: brazier (4)
      objectReference: {fileID: 0}
    m_RemovedComponents: []
  m_SourcePrefab: {fileID: 100100000, guid: feb53563a25cfa944a0fc315b800dc9a, type: 3}
--- !u!4 &7466432778043217121 stripped
Transform:
  m_CorrespondingSourceObject: {fileID: 5925930744182447209, guid: feb53563a25cfa944a0fc315b800dc9a,
    type: 3}
  m_PrefabInstance: {fileID: 3864998398769154184}
  m_PrefabAsset: {fileID: 0}
